<?xml version="1.0" encoding="UTF-8"?><collection xmlns="http://www.loc.gov/MARC21/slim"><record><leader>00415nam--2200145-i-4500</leader><controlfield tag="001">000047597</controlfield><controlfield tag="002">20161230</controlfield><controlfield tag="005">20161230201046</controlfield><controlfield tag="008">060222s1000------------r-----000-0-eng-d</controlfield><datafield ind1=" " ind2=" " tag="080"><subfield code="a">51.7(043):621.372.54(043)</subfield></datafield><datafield ind1=" " ind2=" " tag="100"><subfield code="a">Williams, Josef Louis</subfield></datafield><datafield ind1=" " ind2=" " tag="245"><subfield code="a">Synthese von diskreten filtern wahlbarer struktur durch die gradientenmethode</subfield></datafield><datafield ind1=" " ind2=" " tag="260"><subfield code="a">Hoshcshuke Zurich, 1974, 149p</subfield></datafield><datafield ind1=" " ind2=" " tag="490"><subfield code="a">Dissert</subfield></datafield><datafield ind1=" " ind2=" " tag="852"><subfield code="a">43455</subfield></datafield></record></collection>